<record xmlns="http://www.loc.gov/MARC21/slim" xmlns:xsi="http://www.w3.org/2001/XMLSchema-instance" xsi:schemaLocation="http://www.loc.gov/MARC21/slim http://www.loc.gov/standards/marcxml/schema/MARC21slim.xsd"><leader>     nam a22        4500</leader><controlfield tag="001">001676950</controlfield><controlfield tag="003">NNU</controlfield><controlfield tag="006">m        d        </controlfield><controlfield tag="007">cr cn |||m|||a</controlfield><controlfield tag="008">150313s1962    iq      o     000 0 ara d</controlfield><datafield ind1=" " ind2=" " tag="040"><subfield code="a">NNU</subfield><subfield code="b">eng</subfield><subfield code="c">NNU</subfield></datafield><datafield ind1="1" ind2=" " tag="100"><subfield code="a">&#7716;usayn&#299;, T&#257;j al-D&#299;n ibn Mu&#7717;ammad.</subfield></datafield><datafield ind1="1" ind2="0" tag="245"><subfield code="a">Gh&#257;yat al-ikhti&#7779;&#257;r f&#299; al-buy&#363;t&#257;t al-&#699;Alaw&#299;yah al-ma&#7717;f&#363;&#7827;ah min al-ghub&#257;r</subfield><subfield code="h">[electronic resource] /</subfield><subfield code="c">ta&#700;l&#299;f T&#257;j al-D&#299;n ibn Mu&#7717;ammad ibn &#7716;amzah ibn Zuhrah al-&#7716;usayn&#299; ; &#7717;aqqaqahu wa-qaddama la-hu Mu&#7717;ammad &#7778;&#257;diq Ba&#7717;r al-&#699;Ul&#363;m.</subfield></datafield><datafield ind1=" " ind2=" " tag="260"><subfield code="a">al-Najaf :</subfield><subfield code="b">al-Maktabah al-&#7716;aydar&#299;yah,</subfield><subfield code="c">1962.</subfield></datafield><datafield ind1=" " ind2=" " tag="300"><subfield code="a">online resource (200 p.)</subfield></datafield><datafield ind1=" " ind2=" " tag="500"><subfield code="a">Part of the Arabic Collections Online (ACO) project, contributed by New York Univeristy Libraries.</subfield></datafield><datafield ind1=" " ind2=" " tag="533"><subfield code="a">Electronic reproduction.</subfield><subfield code="b">New York, N.Y. :</subfield><subfield code="c">New York University,</subfield><subfield code="d">2015.</subfield><subfield code="5">NNU</subfield></datafield><datafield ind1=" " ind2="0" tag="650"><subfield code="a">Alids.</subfield></datafield><datafield ind1="1" ind2=" " tag="700"><subfield code="a">Ba&#7717;r al-&#699;Ul&#363;m, Mu&#7717;ammad &#7778;&#257;diq.</subfield></datafield><datafield ind1="2" ind2=" " tag="710"><subfield code="a">New York University.</subfield><subfield code="b">Libraries.</subfield></datafield><datafield ind1="0" ind2=" " tag="730"><subfield code="a">Arabic Collections Online.</subfield></datafield><datafield ind1="0" ind2="8" tag="776"><subfield code="i">Print version:</subfield><subfield code="a">&#7716;usayn&#299;, T&#257;j al-D&#299;n ibn Mu&#7717;ammad.</subfield><subfield code="t">Gh&#257;yat al-ikhti&#7779;&#257;r f&#299; al-buy&#363;t&#257;t al-&#699;Alaw&#299;yah al-ma&#7717;f&#363;&#7827;ah min al-ghub&#257;r</subfield><subfield code="w">(NNU)001676950</subfield></datafield><datafield ind1="4" ind2="0" tag="856"><subfield code="u">http://hdl.handle.net/2333.1/cfxpnz92</subfield></datafield><datafield ind1=" " ind2=" " tag="959"><subfield code="a">NNU</subfield><subfield code="b">WEB</subfield><subfield code="c">GENI</subfield><subfield code="t">0</subfield><subfield code="m">Electronic access</subfield><subfield code="s">01</subfield></datafield><datafield ind1=" " ind2=" " tag="999"><subfield code="i">NNU_001676950</subfield><subfield code="s">nyu_aco000621</subfield><subfield code="e">(ERROR-880)</subfield></datafield></record>